@article{Wong87,
    author = "Wong, S. K.",
    title = "Transport of impure plasma with arbitrary toroidal rotation",
    journal = "Phys. Plasmas",
    volume =       "\href{https://doi.org/10.1063/1.866333}
    {\textbf{30} 818}",
    year = "1987",
}

@article{Hinton85,
    author = "Hinton, F. L. and Wong, S. K.",
    title = "Neoclassical ion transport in rotating axisymmetric plasmas
",
    journal = "Phys. Plasmas",
    volume =       "\href{https://doi.org/10.1063/1.865350}
    {\textbf{28} 3082}",
    year = "1985",
}

@article{Fulop99,
    author = "FÃ¼lop, T. and Helander, P.",
    title = "Nonlinear neoclassical transport in a rotating impure plasma with large gradients",
    journal = "Phys. Plasmas",
    volume =       "\href{https://doi.org/10.1063/1.873593}
    {\textbf{6} 3066}",
    year = "1999",
}

@article{Helander98,
    author = "Helander, P.",
    title = "Neoclassical transport in a rotating impure plasma",
    journal = "Phys. Plasmas",
    volume = "\href{https://doi.org/10.1063/1.872629}
    {\textbf{5} 1209}",
    year = "1998",
}

@article{Wesson97,
    author = "Wesson, J. A.",
    title = "Poloidal distribution of impurities in a rotating tokamak plasma",
    journal = "Nucl. Fusion",
    volume = "\href{https://doi.org/10.1088/0029-5515/37/5/I01}
    {\textbf{37} 577}",
    year = "1997",
}

@article{Angioni14,
    author = "Angioni, C. and others",
    title = "Tungsten transport in JET H-mode plasmas in hybrid scenario, experimental observations and modelling",
    journal = "Nucl. Fusion",
    volume = "\href{https://doi.org/10.1088/0029-5515/54/8/083028}
    {\textbf{54} 083028}",
    year = "2014",
}

@article{Bilato14,
    author = "Bilato, R. and others",
    title = "Modelling the influence of temperature anisotropies on poloidal asymmetries of density in the core of rotating plasmas",
    journal = "Nucl. Fusion",
    volume = "\href{https://doi.org/10.1088/0029-5515/54/7/072003}
    {\textbf{54} 072003}",
    year = "2014",
}

@article{Choe95,
    author = "Choe, W. and others",
    title = "Temperature anisotropy in a cyclotron resonance heated tokamak plasma and the generation of poloidal electric field",
    journal = "Nucl. Fusion",
    volume = "\href{https://doi.org/10.1063/1.871456}
    {\textbf{2} 2044}",
    year = "1995",
}

@book{Helander07,
    author    = "Helander, P. and Sigmar, D.",
    title     = "Collisional transport in magnetized plasmas",
    year      = "2007",
    publisher = "Cambridge Monographs on Plasma Physics",
}

@article{Catto87,
    author = "Catto, P. J. and others",
    title = "Ion transport in toroidally rotating tokamak plasmas",
    journal = "Phys. Fluids",
    volume = "\href{https://doi.org/10.1063/1.866045}
    {\textbf{30} 2784}",
    year = "1987",
}
